<record><leader>00847cam a2200265 a 4500</leader><controlfield tag="001">1341548</controlfield><controlfield tag="008">901210s1985    ja ab        f    0 eng c</controlfield><datafield ind1=" " ind2=" " tag="035"><subfield code="a">ocm13016178</subfield></datafield><datafield ind1=" " ind2=" " tag="040"><subfield code="b">eng</subfield></datafield><datafield ind1=" " ind2=" " tag="043"><subfield code="a">a-ja---</subfield></datafield><datafield ind1=" " ind2=" " tag="045"><subfield code="a">x4x8</subfield></datafield><datafield ind1=" " ind2=" " tag="049"><subfield code="a">AEU</subfield><subfield code="b">eng</subfield></datafield><datafield ind1=" " ind2="4" tag="050"><subfield code="a">DS811</subfield><subfield code="b">.J3</subfield></datafield><datafield ind1="0" ind2=" " tag="090"><subfield code="a">GOV DOC JP1 EA 85J17</subfield></datafield><datafield ind1="0" ind2="4" tag="245"><subfield code="a">The Japan of today.</subfield></datafield><datafield ind1=" " ind2=" " tag="260"><subfield code="a">Japan :</subfield><subfield code="b">Ministry of Foreign Affairs, Japan,</subfield><subfield code="c">1985.</subfield></datafield><datafield ind1=" " ind2=" " tag="300"><subfield code="a">141 p. :</subfield><subfield code="b">ill. (some col.), col. maps ;</subfield><subfield code="c">26 cm.</subfield></datafield><datafield ind1=" " ind2=" " tag="336"><subfield code="a">text</subfield><subfield code="b">txt</subfield><subfield code="2">rdacontent</subfield></datafield><datafield ind1=" " ind2=" " tag="337"><subfield code="a">unmediated</subfield><subfield code="b">n</subfield><subfield code="2">rdamedia</subfield></datafield><datafield ind1=" " ind2=" " tag="338"><subfield code="a">volume</subfield><subfield code="b">nc</subfield><subfield code="2">rdacarrier</subfield></datafield><datafield ind1=" " ind2=" " tag="500"><subfield code="a">Maps on lining papers.</subfield></datafield><datafield ind1=" " ind2=" " tag="596"><subfield code="a">38</subfield></datafield><datafield ind1=" " ind2="0" tag="651"><subfield code="a">Japan</subfield><subfield code="x">Description and travel.</subfield></datafield><datafield ind1="1" ind2=" " tag="710"><subfield code="a">Japan.</subfield><subfield code="b">Gaimush&#333;.</subfield></datafield><datafield ind1=" " ind2=" " tag="926"><subfield code="a">GOV DOC JP1 EA 85J17</subfield><subfield code="w">LC</subfield><subfield code="c">1</subfield><subfield code="i">000035140821</subfield><subfield code="d">3/28/1995</subfield><subfield code="l">ON_SHELF</subfield><subfield code="m">UABARD</subfield><subfield code="n">3</subfield><subfield code="p">$150.00</subfield><subfield code="r">Y</subfield><subfield code="s">Y</subfield><subfield code="t">BOOK</subfield><subfield code="u">12/11/1990</subfield><subfield code="o">.STAFF. B0028106</subfield></datafield></record>